% Example bibliography for BibTeX
% Help available at http://en.wikibooks.org/wiki/LaTeX/Bibliography_Management

@Book{lappalainen,
    author =   "Lappalainen ,P. and Suutari-Jääskö ,L. and Silvén ,O.", 
    year =   "1994",
    title =   "Diplomityön teko-ohjeet",
    publisher =   "Oulun yliopisto",
    address = "Sähkö- ja tietotekniikan osasto, Oulu",
    pages = "31",
}

@book{acta,
    title =   "Ohjeita kirjoittajille",
    publisher =   "Acta Universitatis Ouluensis -sarjan julkaisutoimikunta",
    address = "Oulun yliopisto, Oulu",
    pages = "20",
    year = "1997",
    editor = "Leena Rautio",
}

@Book{tirronen,
    author =   "Tirronen, K.", 
    year =   "1987",
    title =   "Teknisen kirjoituksen laatiminen",
    publisher =   "Suomen Teknillinen Seura STS r.y.",
    address = "Teknillisten Tieteiden Akatemia, Jyväskylä",
    pages = "89"
}

@Book{maamies,
    year =   "1998",
    title =   "Kielikello",
    publisher =   "Kielenhuollon tiedotuslehti 3",
    address = "Kotimaisten kielten tutkimuskeskus",
    editor = "Maamies, S."
}

@misc{korpela,
    author = "Korpela, J.",
    title = "Nykyajan kielenopas",
    year = "2013",
    howpublished = "URL: \url{http://www.cs.tut.fi/~jkorpela/kielenopas/}",
    note = "Accessed 20.1.2013"
}

@misc{kielitoimisto,
    title = {Kielitoimisto (2013)},
    howpublished = "URL: \url{http://www.kotus.fi/kielitoimisto/}",
    note = "Accessed 20.1.2013"
}

@misc{reportwriting,
    title = "{Report Writing - Resources for Students (2013)}",
    howpublished = "URL: \url{http://learnhigher.ac.uk/Students/Report-writing.html}",
    note = "Accessed 20.1.2013."
}

@misc{englishlanguage,
    title = "{English Language Resources (2013)}",
    howpublished = "URL: \url{http://www.usingenglish.com/resources/}",
    note = "Accessed 20.1.2013"
}

@Booklet{siopas,
    title =   "SI-opas: suureet ja yksiköt, SI-mittayksikköjärjestelmä (Système international d'unitès) (1974)",
    address = "Suomen standardisoimisliitto, Vakaustoimisto, Helsinki",
    pages = "23",
}

@misc{systemofunits,
    title = "{International System of Units (2013)}",
    howpublished = "URL: \url{http://en.wikipedia.org/wiki/International\_System\_of\_Units}",
    note = "Accessed 20.1.2013"
}

@misc{bscstudies,
    title = "{BSc} Studies (2024)",
    howpublished = "URL: \url{https://www.oulu.fi/en/for-students/thesis-and-graduation/bachelors-degree/bachelors-thesis#177}.Degree Programme in Computer Science and Engineering, University of Oulu",
    note = "Accessed 11.3.2024"
}


@misc{mscstudies,
    title = "{MSc} Studies (2024)",
    howpublished = "URL: \url{https://www.oulu.fi/fi/pro-gradu-ja-diplomityo#177}. Degree Programme in Computer Science and Engineering, University of Oulu",
    note = "Accessed 8.1.2024"
}

@misc{mscgraduation,
    title = "{MSc} Graduation (2024)",
    howpublished = "URL: \url{https://www.oulu.fi/en/graduation-masters-degree#177}. Degree Programme in Computer Science and Engineering, University of Oulu",
    note = "Accessed 11.3.2024"
}


@misc{ieeetransactions,
    title = "{IEEE Editorial Stule Manual (2016)}",
    note = "URL: \url{http://ieeeauthorcenter.ieee.org/wp-content/uploads/IEEE\_Style\_Manual.pdf}"
}

@Book{moore,
    author = "Moore, G.",
    title = "{Cramming more components onto integrated circuits}",
    year = "1965",
    publisher =   "Electronics"
}

% ---------------------------------------------------------------------------------------

@article{ojala:2002,
    author = {Ojala, T. and Pietikäinen, M. and Mäenpää, T.},
    journal = {IEEE Transactions on Patterns Analysis and Machine Intelligence},
    number = {7},
    pages = {971-987},
    title = "{Multiresolution gray scale and rotation invariant texture classification with Local Binary Patterns}",
    volume = {24(7)},
    year = {2002},
    note = "DOI: \url{http://dx.doi.org/10.1109/TPAMI.2002.1017623}"
}

@Book{riekki:1998,
    author = "Riekki, J.",
    year = "1998",
    title = "Reactive task execution of a mobile robot",
    publisher = "Acta Universitatis Ouluensis C 129"
}

@Book{pietikainen:2011,
    author =   "Pietikäinen, M. and Hadid, A. and Zhao, G. and Ahonen, A.", 
    year =   "2011",
    title =   "Computer vision using local binary patterns",
    publisher =   "London, Springer-Verlag"
}

@inproceedings{cvejic:2005,
    author =   "Cvejic, N. and Seppänen, T.", 
    year =   "2005",
    title =   "Digital audio watermarking",
    booktitle =   "Digital watermarking for digital media",
    address = "Hershey, PA, Idea Group",
    pages = "135-181",
    editor = "{Seitz J.}"
}

@inproceedings{heikkila:1997,
    author = {Heikkilä, J. and Silvén ,O.},
    title = {A four-step camera calibration procedure with implicit image correction},
    year = {1997},
    booktitle = {Proc. 1997 IEEE Computer Society Conference on Computer Vision and Pattern Recognition, San Juan, Puerto Rico},
    pages = {1106-1112},
    note = "DOI: \url{http://dx.doi.org/10.1109/CVPR.1997.609468}"
}

@Book{heikkinen:2011,
    author = "Heikkinen, K.",
    title = "Design specification of a dashboard interface for the management of steel service centers",
    year = "2011",
    publisher = "Master's thesis",
    address = "University of Oulu, Department of Computer Science and Engineering"
}

@misc{toivonen:2004,
    author = "Toivonen, T. and Heikkilä, J. and Silvén ,O.",
    title = "{Oulun yliopisto, assignee. Method and device for coding successive images}",
    year = "2004",
    note = "European patent 1438861"
}

@misc{roning:2011,
    author = "Röning, J. and Tuhkanen, V. and Sipola, R. and Vallius, T.",  
    year = "2011",
    title = "Facilitating software construction for nano- and microscale measurement",
    howpublished = "SPIE Newsroom. URL: \url{http://spie.org/x47762.xml}",
    note = "DOI: \url{http://dx.doi.org/10.1117/2.1201103.003415}. Accessed 12.3.2012"
}

@Booklet{asumistaso:1991,
    title =   "Asumistaso: asuntoasian vuosikirja (1991)",
    address =   "Suomen Asuntoliitto, Helsinki",
    pages = "72",
}